@misc{
	lmSwitchMode,
	author = {www.ti.com},
	pages = {1335-1346},
	title = {LM2675 SIMPLE SWITCHER Power Converter High Efficiency 1A Step-Down Voltage Regulator},
    url = {http://www.ti.com/lit/ds/symlink/lm2675.pdf},
	year = {2005}
}


@book{
	tdoa_book,
	author = {Buehrer, R. Michael},
	year = {2011},
	booktitle = {Handbook of position location : theory, practice and advances},
	title = {Fundamentals of Time-of-Arrival-Based Position Locations},
	pages = {175-180},
	url = {http://www.ee.nmt.edu/~rison/ee389_spr08/toa.pdf},
	isbn = {0-470-94342-4; 1-118-10476-5},
}

@report{
	anon09,
	author = {Anonymous MIT student},
	year = {2009},
	month = {December},
	title = {The XY Drum},
	institution = {Massachusetts Institute of Technology},
	type = {report},
	url = {http://ocw.mit.edu/courses/music-and-theater-arts/21m-380-music-and-technology-contemporary-history-and-aesthetics-fall-2009/projects/MIT21M_380F09_proj_ssp_4.pdf},
	urldate = {2014-12-17}
}

@article{
	topologyOrig,
	author ={Kuipers, Benjamin and Byun, Yung-Tai },
	year = {1991},
	title = {A Robot Exploration and Mapping Strategy Based on a Semantic
	Hierarchy of Spatial Representations},
	journal = {Journal of Robotics and Autonomous Systems},
	volume ={8}	
}

@article{
	mapbuildingSummary,
	author = {Chen, Chen and Cheng, Yinhang},
	year= {2008},
	title = {Research on Map Building by Mobile Robots},
	journal = {Second International Symposium on Intelligent Information Technology Application}
}

@book{
	probRob,
	author = {Thrun, Sebastian and Burgard, Wolfram and Fox, Dieter},
	year = {2005},
	booktitle = {Probabilistic Robotics},
	isbn = {978-0262201629},
}